@book{Stroetmann:Genius, 
 author = {Karl Stroetmann}, 
 title = {Algorithms}, 
 year = {2020}, 
 publisher = {Karl Stroetmann},
 }
 